@article{infantil,
    title = "Doenças respiratórias agudas: um estudo das desigualdades em saúde",
    journal = "Caderno Saúde Publica",
    author = "Anna M. Chiesa; Marcia F. Westphal; Marco Akerman",
    year = "2008",
    pages = "55-69",
    month = "Jan",
    volume = "24"
},

@book{firs,
    title = {Forum of International Respiratory Societies. The Global Impact of Respiratory Disease},
    isbn = {9781849840873},
    year = {2017},
    publisher = {European Respiratory Society}
},

@incollection{mudanças,
    booktitle = "Mudanças climáticas e ambientais e seus efeitos na saúde: cenários e incertezas para o Brasil",
    isbn = "978-85-87943-79-8",
    institution = "Organização Pan-Americana da Saúde – OPAS/OMS",
    organization = "Organização Pan-Americana da Saúde – OPAS/OMS"
},

@inbook{ipenA,
    year = "2004",
    chapter = "I-A",
    title = {Fundamentos de Tecnologia Nuclear Reatores},
    author = {Luís Antônio Albiac Terremoto},
    series = {Divisão de Ensino – Secretaria de Pós-Graduação},
    publisher = {Instituto de Pesquisas Energéticas e Nucleares},
    keywords = {physics, nuclear}
},

@online{gnu,
    author = "GNU",
    title = "O que é o software livre?",
    url = "https://www.gnu.org/philosophy/free-sw.html",
    addendum = "(accessed: 05.01.2021)"
},

@online{rfc1930,
    author = "IETF",
    title = "Guidelines for creation, selection, and registration of an Autonomous System (AS)",
    url = "https://datatracker.ietf.org/doc/html/rfc1930",
    addendum = "(accessed: 05.01.2021)"
},
    
@techreport{definicao,
    booktitle = "",
    number = "38",
    volume = "50",
    month  = "Dez",
    year = "2019",
    institution  = "IETF"
},

@inproceedings{Karavolos:automated-level-design:2018, 
    author={D. {Karavolos} and A. {Liapis} and G. N. {Yannakakis}}, 
    booktitle={2018 IEEE Conference on Computational Intelligence and Games (CIG)}, 
    title={Using a Surrogate Model of Gameplay for Automated Level Design}, 
    year={2018}, 
    volume={}, 
    number={}, 
    pages={1-8}, 
    abstract={This paper describes how a surrogate model of the interrelations between different types of content in the same game can be used for level generation. Specifically, the model associates level structure and game rules with gameplay outcomes in a shooter game. We use a deep learning approach to train a model on simulated playthroughs of two-player deathmatch games, in diverse levels and with different character classes per player. Findings in this paper show that the model can predict the duration and winner of the match given a top-down map of the level and the parameters of the two players' character classes. With this surrogate model in place, we investigate which level structures would result in a balanced match of short, medium or long duration for a given set of character classes. Using evolutionary computation, we are able to discover levels which improve the balance between different classes. This opens up potential applications for a designer tool which can adapt a human authored map to fit the designer's desired gameplay outcomes, taking account of the game's rules.}, 
    keywords={computer games;evolutionary computation;learning (artificial intelligence);trees (mathematics);model associates level;gameplay outcomes;shooter game;deep learning approach;two-player deathmatch games;diverse levels;surrogate model;level structures;automated level design;game rules;top-down map;two players character classes;evolutionary computation;Games;Computational modeling;Adaptation models;Machine learning;Weapons;Tools;Generators;deep learning;surrogate model;artificial evolution;procedural content generation;computational creativity}, 
    doi={10.1109/CIG.2018.8490425}, 
    ISSN={}, 
    month={Aug},
    }
]